@MISC{Sulzmann07systemf,
    author = {Martin Sulzmann and Manuel M. T. Chakravarty and Simon Peyton Jones and Kevin Donnelly},
    title = {System F with type equality coercions},
    year = {2007}
}
@MISC{Marlow98thenew,
    author = {Simon Marlow and Simon Peyton Jones},
    title = {The New GHC/Hugs Runtime System},
    year = {1998}
}
@techreport{LTU,
    author = {Steele, Guy L.},
    citeulike-article-id = {1325},
    citeulike-linkout-0 = {http://portal.acm.org/citation.cfm?id=889239},
    keywords = {history, pl, scheme},
    posted-at = {2012-07-02 07:49:38},
    priority = {0},
    publisher = {Massachusetts Institute of Technology},
    title = {{LAMBDA}: The Ultimate Declarative},
    url = {http://portal.acm.org/citation.cfm?id=889239},
    year = {1976}
}
@MISC{ExcAnalysis,
    author = {Xavier Leroy and Fran√ßois Pessaux},
    title = {Type-Based Analysis of Uncaught Exceptions},
    year = {1998}
}
@book{TAPL,
 author = {Pierce, Benjamin C.},
 title = {Types and programming languages},
 year = {2002},
 isbn = {0-262-16209-1},
 publisher = {MIT Press},
 address = {Cambridge, MA, USA},
}
